 @misc{mech6323FinalProject, 
    title={MECH 6323 Final Project},
    url={https://github.com/jonaswagner2826/MECH6323/tree/master/FinalProject}, 
    author={Wagner, Jonas R}
 } 
 @misc{mech6327HW1, 
    title={MECH 6327 HW1},
    url={https://github.com/jonaswagner2826/MECH6327/blob/master/Homework/HW1/MECH6327-HW1.pdf}, 
    author={Wagner, Jonas R}
 } 